<record><leader>00000cas a22000007a 4500</leader><controlfield tag="001">13085209</controlfield><controlfield tag="008">860130d188u1883inuwr ne      0    0eng d</controlfield><datafield ind1=" " ind2=" " tag="010"><subfield code="a">sn 86058228 </subfield></datafield><datafield ind1=" " ind2=" " tag="040"><subfield code="a">NPI</subfield><subfield code="b">eng</subfield><subfield code="c">NPI</subfield><subfield code="d">OCLCQ</subfield></datafield><datafield ind1=" " ind2=" " tag="042"><subfield code="a">msc</subfield></datafield><datafield ind1="0" ind2="0" tag="245"><subfield code="a">Wayne weekly news.</subfield></datafield><datafield ind1=" " ind2=" " tag="260"><subfield code="a">Richmond, Ind. :</subfield><subfield code="b">[H.W. Burtch]</subfield></datafield><datafield ind1="1" ind2=" " tag="362"><subfield code="a">Began in 1883? Ceased in Sept. 1883.</subfield></datafield><datafield ind1=" " ind2=" " tag="500"><subfield code="a">Publisher's name from May 22, 1882 issue of: Weekly news and from Miller.</subfield></datafield><datafield ind1=" " ind2=" " tag="588"><subfield code="a">Description based on: Vol. 3, no. 1 (Sept. 1, 1883).</subfield></datafield><datafield ind1=" " ind2=" " tag="752"><subfield code="a">United States</subfield><subfield code="b">Indiana</subfield><subfield code="c">Wayne</subfield><subfield code="d">Richmond.</subfield></datafield><datafield ind1="0" ind2="0" tag="780"><subfield code="t">Weekly news (Richmond, Ind.)</subfield><subfield code="w">(DLC)sn 86058227</subfield></datafield></record>